% !TEX program = xelatex
% !TEX encoding = UTF-8 Unicode
% !TEX spellcheck = de_DE


@article{einstein,
	author =       "Albert Einstein",
	title =        "{Zur Elektrodynamik bewegter K{\"o}rper}. ({German})
	[{On} the electrodynamics of moving bodies]",
	journal =      "Annalen der Physik",
	volume =       "322",
	number =       "10",
	pages =        "891--921",
	year =         "1905",
	DOI =          "http://dx.doi.org/10.1002/andp.19053221004"
}

@book{latexcompanion,
	author    = "Michel Goossens and Frank Mittelbach and Alexander Samarin",
	title     = "The \LaTeX\ Companion",
	year      = "1993",
	publisher = "Addison-Wesley",
	address   = "Reading, Massachusetts"
}

@misc{knuthwebsite,
	author    = "Donald Knuth",
	title     = "Knuth: Computers and Typesetting",
	url       = "http://www-cs-faculty.stanford.edu/\~{}uno/abcde.html"
}

@Article{Gubbi2013,
  author    = {Jayavardhana Gubbi and Rajkumar Buyya and Slaven Marusic and Marimuthu Palaniswami},
  journal   = {Future Generation Computer Systems},
  title     = {Internet of Things ({IoT}): A vision, architectural elements, and future directions},
  year      = {2013},
  month     = {sep},
  number    = {7},
  pages     = {1645--1660},
  volume    = {29},
  doi       = {10.1016/j.future.2013.01.010},
  publisher = {Elsevier {BV}},
}

@Article{Ahlgren2012,
  author    = {Bengt Ahlgren and Christian Dannewitz and Claudio Imbrenda and Dirk Kutscher and Borje Ohlman},
  journal   = {{IEEE} Communications Magazine},
  title     = {A survey of information-centric networking},
  year      = {2012},
  month     = {jul},
  number    = {7},
  pages     = {26--36},
  volume    = {50},
  doi       = {10.1109/mcom.2012.6231276},
  publisher = {Institute of Electrical and Electronics Engineers ({IEEE})},
}

@InProceedings{Amadeo2014,
  author    = {Marica Amadeo and Claudia Campolo and Antonio Iera and Antonella Molinaro},
  booktitle = {2014 European Conference on Networks and Communications ({EuCNC})},
  title     = {Named data networking for {IoT}: An architectural perspective},
  year      = {2014},
  month     = {jun},
  publisher = {{IEEE}},
  doi       = {10.1109/eucnc.2014.6882665},
}

@Article{Zhang2013,
  author    = {Guoqiang Zhang and Yang Li and Tao Lin},
  journal   = {Computer Networks},
  title     = {Caching in information centric networking: A survey},
  year      = {2013},
  month     = {nov},
  number    = {16},
  pages     = {3128--3141},
  volume    = {57},
  doi       = {10.1016/j.comnet.2013.07.007},
  publisher = {Elsevier {BV}},
}

@InProceedings{Baccelli2014,
  author    = {Emmanuel Baccelli and Christian Mehlis and Oliver Hahm and Thomas C. Schmidt and Matthias WÃ¤hlisch},
  booktitle = {Proceedings of the 1st {ACM} Conference on Information-Centric Networking},
  title     = {Information centric networking in the {IoT}},
  year      = {2014},
  month     = {sep},
  publisher = {{ACM}},
  doi       = {10.1145/2660129.2660144},
  file      = {:Baccelli2014 - Information Centric Networking in the IoT.pdf:PDF},
}

@InProceedings{Quevedo2014,
  author    = {Jose Quevedo and Daniel Corujo and Rui Aguiar},
  booktitle = {2014 {IEEE} Conference on Computer Communications Workshops ({INFOCOM} {WKSHPS})},
  title     = {Consumer driven information freshness approach for content centric networking},
  year      = {2014},
  month     = {apr},
  publisher = {{IEEE}},
  doi       = {10.1109/infcomw.2014.6849279},
}

@InProceedings{Vural2014,
  author    = {Serdar Vural and Pirabakaran Navaratnam and Ning Wang and Chonggang Wang and Lijun Dong and Rahim Tafazolli},
  booktitle = {2014 {IEEE} International Conference on Communications ({ICC})},
  title     = {In-network caching of Internet-of-Things data},
  year      = {2014},
  month     = {jun},
  publisher = {{IEEE}},
  doi       = {10.1109/icc.2014.6883811},
}

@Comment{jabref-meta: databaseType:bibtex;}
